@misc{adjei22,
  doi = {10.48550/ARXIV.2204.03708},
  
  url = {https://arxiv.org/abs/2204.03708},
  
  author = {Adjei, Kwaku Peprah and O'Hara, Robert Bob and Finstad, Anders G. and Koch, Wouter},
  
  keywords = {Applications (stat.AP), FOS: Computer and information sciences, FOS: Computer and information sciences},
  
  title = {Accounting for Misclassification in Multispecies Distribution Models},
  
  publisher = {arXiv},
  
  year = {2022},
  
  copyright = {arXiv.org perpetual, non-exclusive license}
}

@article{wright20,
issn = {2041-210X},
journal = {Methods in ecology and evolution},
pages = {71--81},
volume = {11},
publisher = {Wiley},
number = {1},
year = {2020},
title = {Modelling misclassification in multi‐species acoustic data when estimating occupancy and relative activity},
copyright = {2019 The Authors. Methods in Ecology and Evolution © 2019 British Ecological Society},
language = {eng},
address = {HOBOKEN},
author = {Wright, Wilson J. and Irvine, Kathryn M. and Almberg, Emily S. and Litt, Andrea R. and Yoccoz, Nigel},
keywords = {acoustic data ; Acoustic surveying ; Acoustics ; Algorithms ; bats ; Classification ; Computer simulation ; Data analysis ; Ecology ; Environmental Sciences & Ecology ; Estimates ; Estimation ; false positives ; imperfect detection ; Life Sciences & Biomedicine ; Mathematical models ; misidentification ; Occupancy ; occupancy models ; Parameter estimation ; passive acoustic monitoring ; Science & Technology ; Species ; Species classification ; Statistical analysis ; Statistical models ; Surveying ; Wildlife conservation ; Wildlife management},
}

@article{clement22,
author = {Clement, Matthew J. and Royle, J. Andrew and Mixan, Ronald J.},
title = {Estimating occupancy from autonomous recording unit data in the presence of misclassifications and detection heterogeneity},
journal = {Methods in Ecology and Evolution},
volume = {n/a},
number = {n/a},
pages = {},
year = {2022},
keywords = {acoustic monitoring, ARU, classification, detection heterogeneity, false positives, misidentification, N-mixture models, occupancy},
doi = {https://doi.org/10.1111/2041-210X.13895},
url = {https://besjournals.onlinelibrary.wiley.com/doi/abs/10.1111/2041-210X.13895},
eprint = {https://besjournals.onlinelibrary.wiley.com/doi/pdf/10.1111/2041-210X.13895},
}

@article{stratton22,
author = {Stratton, Christian and Irvine, Kathryn M. and Banner, Katharine M. and Wright, Wilson J. and Lausen, Cori and Rae, Jason},
title = {Coupling validation effort with in situ bioacoustic data improves estimating relative activity and occupancy for multiple species with cross-species misclassifications},
journal = {Methods in Ecology and Evolution},
volume = {13},
number = {6},
pages = {1288-1303},
keywords = {acoustic data, count detection model, coupled classification, false positives, occupancy modelling, species misclassification, survey effort},
doi = {https://doi.org/10.1111/2041-210X.13831},
url = {https://besjournals.onlinelibrary.wiley.com/doi/abs/10.1111/2041-210X.13831},
eprint = {https://besjournals.onlinelibrary.wiley.com/doi/pdf/10.1111/2041-210X.13831},
year = {2022}
}

@article{spiers21,
author = {Spiers, Anna I. and Royle, J. Andrew and Torrens, Christa L. and Joseph, Maxwell B.},
title = {Estimating species misclassification with occupancy dynamics and encounter rates: A semi-supervised, individual-level approach},
journal = {Methods in Ecology and Evolution},
volume = {n/a},
number = {n/a},
pages = {},
keywords = {carabid, imperfect classifier, morphospecies, NEON, observation error, occupancy models, semi-supervised, species misclassification},
doi = {https://doi.org/10.1111/2041-210X.13858},
url = {https://besjournals.onlinelibrary.wiley.com/doi/abs/10.1111/2041-210X.13858},
eprint = {https://besjournals.onlinelibrary.wiley.com/doi/pdf/10.1111/2041-210X.13858}
}

@article{irvine22, 
author = {Irvine, Kathryn M. and Banner, Katharine M. and Stratton, Christian and Ford, William M. and Reichert, Brian E.},
title = {Statistical assessment on determining local presence of rare bat species},
journal = {Ecology}, 
volume = {}, 
number = {},
year = {2022}
}

@techreport{loeb15, 
author = {Loeb, Susan C. and Rodhouse, Thomas J. and Ellison, Laura E. and Lausen, Cori L. and Reichard, Jonathan D. and Irvine, Kathryn M. and Ingersoll, Thomas E. and Coleman, Jeremy T.H. and Thogmartin, Wayne E. and Sauer, John R. and Francis, Charles M. and Bayless, Mylea L. and Stanley, Thomas R. and Johnson, Douglas H.}, 
title = {A Plan for the {N}orth {A}merican Bat Monitoring Program ({NAB}at)}, 
institution = {USDA Forest Service}, 
year = {2015}, 
number = {SRS-208}
}

@article{banner18,
author = {Banner, Katharine M. and Irvine, Kathryn M. and Rodhouse, Thomas J. and Wright, Wilson J. and Rodriguez, Rogelio M. and Litt, Andrea R.},
title = {Improving geographically extensive acoustic survey designs for modeling species occurrence with imperfect detection and misidentification},
journal = {Ecology and Evolution},
volume = {8},
number = {12},
pages = {6144-6156},
keywords = {bats, false-positive occupancy models, manual review, monitoring, passive animal detectors, survey design, vetting},
doi = {https://doi.org/10.1002/ece3.4162},
url = {https://onlinelibrary.wiley.com/doi/abs/10.1002/ece3.4162},
eprint = {https://onlinelibrary.wiley.com/doi/pdf/10.1002/ece3.4162},
year = {2018}
}

@Manual{nimble,
title = {{NIMBLE} User Manual},
author = {Perry {de Valpine} and Christopher Paciorek and Daniel Turek and Nick Michaud and Cliff Anderson-Bergman and Fritz Obermeyer and Claudia {Wehrhahn Cortes} and Abel Rodrìguez and Duncan {Temple Lang} and Sally Paganin},
url = {https://r-nimble.org},
year = {2022},
version = {0.12.2},
note = {{R} package manual version 0.12.2},
doi = {10.5281/zenodo.1211190},
}

@article{nimblejournal,
author = {Perry de Valpine and Daniel Turek and Christopher J. Paciorek and Clifford Anderson-Bergman and Duncan Temple Lang and Rastislav Bodik},
title = {Programming {W}ith {M}odels: {W}riting {S}tatistical {A}lgorithms for {G}eneral {M}odel {S}tructures {W}ith {NIMBLE}},
journal = {Journal of {C}omputational and {G}raphical {S}tatistics},
volume = {26},
number = {2},
pages = {403-413},
year  = {2017},
publisher = {Taylor {&} {F}rancis},
doi = {10.1080/10618600.2016.1172487},
URL = {https://doi.org/10.1080/10618600.2016.1172487},
eprint = {https://doi.org/10.1080/10618600.2016.1172487}
}

@Article{bayesplot,
    title = {Visualization in Bayesian workflow},
    author = {Jonah Gabry and Daniel Simpson and Aki Vehtari and Michael Betancourt and Andrew Gelman},
    year = {2019},
    journal = {J. R. Stat. Soc. A},
    volume = {182},
    issue = {2},
    pages = {389-402},
    doi = {10.1111/rssa.12378},
  }